3122 4958
294 344 363 428 '152
675 386 841 430 munemne
862 389 895 428 m
918 389 1027 430 nouam

299 538 436 603 directus
457 537 610 604 Phocium
632 540 809 605 inuasorom
832 539 935 607 subito
958 541 1070 607 olaioo
1091 539 1240 608 clericum
1264 542 1329 608 fact
1391 549 1406 573 ⁸

300 645 332 709 et
353 662 409 727 per
431 641 658 724 ecclcsiasticos
682 642 805 708 ordines
825 644 983 729 inprouiso
1003 646 1043 712 ad
1057 647 1306 730 patriarchatum
1322 646 1405 714 Gon-

300 747 546 832 stantinopoleos
575 747 780 832 prouectumb
803 750 1004 832 approbabit,
1033 752 1065 816 ot
1086 750 1246 835 ignatium
1268 752 1405 834 patriar·

300 853 409 930 cham,
438 851 541 918 uirum
569 855 712 918 sanctum
740 855 773 918 ot
794 853 912 920 iustum
934 855 1129 938 reprobabit,
1161 855 1194 920 in
1217 875 1274 920 sua
1294 855 1405 922 sinodo

299 956 412 1022 merito
442 957 641 1040 dampnabit,
678 958 734 1022 sed
768 957 925 1024 Adrianus
960 977 1041 1043 papa
1071 979 1142 1024 cum
1170 960 1203 1024 in
1236 959 1406 1043 pristinum

301 1060 429 1144 ecclesie
450 1081 505 1143 suo
525 1063 644 1128 statum
663 1064 833 1128 reuocauit.
877 1063 1074 1130 Rotbadumc
1095 1063 1405 1135 sanoteSessonion-

300 1165 364 1232 sis‘¹
395 1166 525 1248 eeclesia
557 1167 736 1251 episcopum
763 1167 896 1252 syuodo,
934 1169 985 1234 cui
1017 1167 1147 1234 Carolus
1176 1188 1230 1234 rar
1251 1169 1405 1246 interibit,

299 1271 561 1356 condempnatum
579 1271 731 1336 Nicotaus
752 1291 833 1356 papa
856 1272 1072 1339 reconciliauit
1101 1274 1134 1338 et
1156 1273 1280 1356 proprie
1303 1272 1406 1354 eccle-

299 1377 344 1457 sio
386 1374 535 1440 restituit.
595 1373 747 1440 Iohannes
790 1396 870 1461 papa
908 1375 1101 1460 Anspertum
1138 1377 1406 1444 Mediolanensem

299 1479 568 1562 archiepiscopum
598 1499 654 1563 pro
677 1498 729 1559 eo,
763 1479 845 1563 quod
872 1481 994 1566 legatos
1029 1501 1150 1550 summe
1181 1483 1288 1564 saneta
1322 1481 1405 1547 sedis

300 1583 470 1667 apostolice
492 1583 629 1668 recipere
652 1583 767 1662 noluit,
797 1588 936 1651 uocatus
965 1585 1005 1651 ad
1027 1587 1181 1670 synodum
1199 1587 1306 1652 uenire
1330 1604 1406 1650 con·

300 1689 443 1771 tempsit,
478 1688 512 1752 in
540 1687 657 1771 synodo
679 1688 878 1773 dampnabit,
917 1690 972 1756 sod
990 1693 1100 1774 postea
1122 1690 1244 1756 eidem⁶
1275 1689 1406 1772 ecclesie

299 1793 447 1858 restituit.
493 1792 575 1873 Quid
596 1792 714 1878 plura?
757 1793 791 1860 Si
822 1797 950 1861 cunctas
979 1795 1163 1878 pontificum
1185 1785 1407 1861 restituciones

299 1917 336 1962 ac
369 1896 662 1981 transmigrationes
695 1898 728 1962 in
751 1899 890 1968 medium
920 1899 1033 1965 ducere
1053 1897 1312 1983 temptabimud,‘
1339 1900 1407 1966 dios
1522 1986 1524 1991 .

299 2003 371 2068 ante
392 2003 441 2086 (ut
461 2004 597 2086 ramur),
623 2023 716 2088 quam
739 2023 841 2070 sermo
864 2005 1007 2071 cessabit.

387 2106 444 2172 Oui
467 2126 540 2193 ergo
564 2109 813 2191 comparabimus
835 2111 893 2175 te?
929 2109 982 2174 uel
1004 2109 1055 2175 coi
1078 2109 1343 2176 assimilabimus⁸
1364 2109 1407 2187 te,

300 2231 318 2276 o
348 2213 471 2278 Roma?
514 2212 667 2294 Mapaa¹
701 2213 787 2279 caim
815 2218 859 2279 est
892 2212 1002 2284 celari
1034 2234 1124 2294 arare
1146 2211 1305 2280 'contricio
1339 2216 1406 2277 toa.

303 2318 384 2401 Quis
403 2317 578 2384 medebitur
593 2318 677 2384 te'bo'?
700 2319 855 2402 Propheta
863 2317 892 2352 ¹¹¹¹
910 2319 961 2384 tot
975 2318 1130 2384 uiderant
1150 2318 1240 2400 falsa
1255 2323 1283 2384 et
1298 2318 1406 2396 saorra,

300 2445 356 2490 acc
376 2424 560 2506 operiebant
582 2425 785 2506 iniquitatem
806 2428 909 2501 taam,
930 2427 967 2488 ot
982 2427 1010 2490 to
1029 2427 1245 2490 connecterent
1263 2427 1291 2489 ei
1308 2443 1407 2488 scaa-

302 2533 382 2595 reat.
428 2528 636 2596 Placueraat
664 2549 761 2612 saper
791 2534 820 2594 te
853 2549 959 2594 omnes
990 2533 1191 2594 transeuntes
1218 2550 1281 2610 per
1308 2529 1408 2604 aiam,
1527 2592 1528 2596 ,

301 2633 516 2699 sibiloocront
538 2639 567 2700 ct
589 2639 757 2700 mouerant
780 2635 885 2715 capud
907 2638 1002 2698 sobab
1025 2633 1179 2700 dicantes:
1206 2634 1343 2700 Hcoca'cc
1365 2637 1410 2698 ost

302 2741 377 2804 orbs
395 2739 532 2821 perfecti
553 2741 673 2806 decoris
700 2743 729 2805 ci
751 2738 908 2822 pardiaco
930 2739 1082 2804 octaceoc
1107 2739 1216 2804 terro?
1260 2739 1408 2806 Scrutare

303 2865 377 2929 ergo
412 2846 479 2912 uias
511 2847 581 2912 tuas
615 2848 647 2912 et
680 2847 863 2910 conuertere
897 2843 937 2910 ad
972 2845 1134 2910 dominum
1167 2844 1199 2908 ot
1230 2843 1408 2910 saluaberis.

305 2950 388 3031 Quid
409 2951 508 3035 igitur
531 2951 571 3016 ad
593 2951 650 3018 hcc
670 2950 777 3016 dices?
814 2950 899 3014 Nam
919 2948 1016 3034 uulgo
1040 2949 1165 3027 dicitur,
1188 2949 1321 3016 stultum
1343 2967 1410 3014 esse

303 3055 382 3120 alios
402 3055 581 3134 cohercere,
602 3075 674 3120 cum
697 3055 884 3136 sibimetipsi
904 3072 967 3118 non
981 3053 1088 3120 ualeat
1102 3053 1226 3120 frenum
1241 3054 1408 3135 imponere.

303 3160 372 3240 Quo
402 3161 509 3244 itaque
539 3163 630 3242 pacto
659 3160 737 3226 alios
767 3159 816 3224 uis
843 3158 1044 3242 redarguere,
1083 3178 1155 3224 cum
1177 3157 1236 3224 tibi
1256 3156 1343 3222 nulia
1367 3158 1409 3223 sit

303 3265 443 3349 potestas
466 3262 680 3348 temetipsami
702 3265 879 3348 corrigere?
924 3265 986 3327 Per
1008 3261 1143 3337 ambitus
1166 3262 1303 3326 enimet
1327 3261 1409 3326 sedi-

303 3352 647 3453 ciones'belligcrando
671 3369 711 3434 ad
731 3387 888 3434 summum
911 3367 1007 3450 apicis
1023 3359 1346 3450 culmonk'principes
1363 3366 1410 3431 tui

305 3473 499 3541 contendunt
520 3474 641 3549 subire3
671 3475 703 3538 ct
726 3472 826 3538 adbuc
848 3471 898 3538 in¹
929 3471 1171 3555 iniquitatosua
1192 3472 1410 3555 permanentes

303 3580 517 3662 unusquisque
547 3579 630 3662 quod
663 3578 766 3643 animo
802 3578 945 3660 concepit
975 3596 1069 3662 opere
1092 3576 1247 3660 complere
1270 3578 1409 3642 conatur.

303 3686 364 3750 Pro
387 3684 447 3749 bac
468 3685 551 3748 enim
569 3691 630 3749 re¹¹¹
653 3682 808 3748 diluuium
831 3682 1011 3766 superuenit
1030 3681 1176 3748 uniuerso
1192 3680 1308 3746 mundo
1324 3681 1430 3746 delet

176 3833 180 3842 ι
228 3863 232 3878 ,
302 3793 418 3873 aquei
448 3791 497 3854 est
529 3788 629 3854 omnis
660 3805 733 3852 caro
765 3786 802 3852 de
823 3786 994 3872 *superficie
1025 3787 1124 3864 terre,
1163 3785 1299 3869 exceptis
1323 3787 1411 3851 octo⁰

373 3967 386 3990 ³
407 3959 564 4013 clericorum
582 3959 702 4013 factusc
738 3958 943 4026 bprouectusc
985 3954 1192 4012 crochadumc
1232 3955 1411 4009 dsessonisc

255 4113 257 4119 Ι
306 4045 488 4100 ⁰eiusdcmc
529 4045 811 4114 ‘retemptauimuso
857 4041 1117 4098 gasimilabimusc
1157 4043 1230 4096 hest
1247 4040 1411 4096 uelutdecot

305 4133 335 4184 ia
354 4130 410 4185 cod.
449 4132 475 4164 ¹¹¹²
494 4131 627 4201 prophcc
678 4133 908 4201 itemetipsumc
957 4129 1176 4199 ¹‘belligerando
1194 4130 1267 4198 falso
1284 4128 1411 4198 repetitur

305 4219 359 4274 ¹111
376 4216 498 4276 deontia
515 4218 574 4281 cod,
610 4230 630 4254 ¹¹¹
648 4237 724 4281 reso
759 4230 773 4253 ¹¹
793 4220 981 4294 delectaquec
1017 4220 1139 4272 ⁰ottoc

329 4410 331 4416 f
370 4357 619 4415 Minoam-16.
