3036 4952
301 413 362 472 158
558 429 646 472 nunni
667 429 755 472 nuens
775 428 973 472 sammua
995 429 1147 472 marona.

298 587 331 651 et
353 582 505 650 dederunt
525 583 716 667 principibus
739 581 1003 662 Saracenorum,
1035 585 1071 649 ut
1093 582 1270 650 exaltarent
1290 602 1402 649 nomen
1508 669 1509 676 ἵ

299 707 415 755 eorum.
467 686 637 754 Christiani
665 707 740 753 uero
775 688 853 754 haec
885 687 1047 754 audientes
1080 689 1223 754 fecerunt
1249 687 1402 771 placitum
1508 749 1509 754 ,

298 811 370 858 eum
394 793 515 872 Iudeis,
549 795 587 858 ut
622 791 822 858 clauderetur
854 793 1006 878 sinagoga
1034 792 1218 873 Iudeorum‚
1256 792 1402 858 similiter

298 895 517 963 clauderetur·
547 900 691 964 sanctium
719 897 919 982 sepulchrum
941 896 1060 962 domini
1088 901 1120 963 et
1141 899 1292 981 ponerent
1313 899 1401 981 prin-

297 1002 381 1087 oipos
408 1002 651 1068 Scrracenorum
681 1000 826 1068 custodes
854 1020 941 1076 suos.
979 1003 1031 1087 qui
1059 1003 1254 1068 custodirent
1284 1021 1338 1068 eos
1369 1003 1402 1066 et

296 1107 347 1172 oui
365 1105 545 1173 ostenderet
566 1105 641 1172 dens
663 1106 815 1172 uirtutem
838 1108 870 1171 ιι
892 1106 997 1191 signa,
1021 1105 1120 1172 illido
1137 1109 1268 1190 uhoque
1283 1107 1400 1190 populo

220 1217 227 1245 ⁸
296 1209 467 1276 crederent
520 1210 620 1277 Facto
654 1209 786 1296 denique
824 1210 963 1278 oratione
999 1210 1240 1276 christianorum
1277 1211 1401 1294 aperuit

296 1314 373 1381 deus
393 1313 547 1398 templum
567 1316 600 1380 ιι
621 1317 765 1380 sanctum
788 1313 988 1399 sepulchrum
1011 1318 1044 1381 st
1065 1334 1197 1382 acosma
1215 1315 1286 1400 ipse
1304 1314 1401 1379 lumi-

295 1420 384 1486 naria
406 1422 438 1485 ιι
458 1419 680 1486 inluminatum
704 1421 753 1486 ost
774 1421 928 1502 templum
949 1422 981 1485 ιι
995 1421 1139 1504 apparuit
1155 1420 1256 1505 gloria
1272 1419 1400 1496 domini,

294 1524 340 1590 ita
370 1526 406 1590 ιιι
428 1523 608 1590 ostenderet
634 1543 667 1590 se
689 1523 833 1590 dominns
863 1525 1044 1592 incarnatus
1067 1527 1101 1590 ιι
1122 1526 1213 1608 quasi
1234 1523 1400 1590 crucifixus

294 1631 433 1694 stantem
451 1629 485 1694 in
503 1627 629 1696 demere
651 1627 797 1694 columna
818 1627 902 1694 intra
921 1647 1013 1694 snum
1028 1630 1173 1694 sanetum
1188 1629 1399 1712 sepulchrum
1509 1657 1510 1678 ι

294 1735 446 1820 sinagoga
475 1753 550 1800 nero
573 1732 741 1798 Iudeorum
769 1751 871 1800 uacua
893 1735 926 1798 ιι
952 1733 1053 1799 inanis
1075 1734 1236 1800 remansit
1280 1732 1399 1800 Hebrei

292 1856 368 1904 uero
398 1838 519 1904 confusi
548 1839 676 1921 propter
710 1837 867 1904 mirabilia
900 1835 1017 1904 domini
1048 1839 1147 1904 nostri
1178 1837 1251 1904 Iesu
1280 1837 1399 1904 Christi
1509 1865 1511 1932 ι

293 1961 372 2026 qnae
400 1941 561 2021 uiderant,
596 1941 796 2009 crediderunt
829 1942 861 2008 et
891 1940 1042 2026 baptizati
1075 1945 1157 2008 sunt
1211 1941 1289 2008 Inde
1321 1959 1398 2007 nero
1510 1945 1511 1948 ’

292 2046 562 2130 Iorosolimitanus
598 2046 777 2129 patriarcha
813 2065 887 2112 suas
923 2045 1032 2112 literas
1069 2050 1102 2113 et
1131 2047 1272 2131 legatum
1305 2066 1398 2112 suum

293 2150 596 2234 Constantinopolim
611 2151 651 2216 ad
666 2151 841 2216 &manum
862 2149 976 2216 dhemt
991 2150 1233 2236 imperatoremb
1246 2154 1279 2218 ιι
1294 2153 1400 2217 omnia

291 2256 447 2335 innotuit,
466 2275 545 2340 quae
568 2254 643 2322 deus
667 2255 829 2323 ostendere
852 2254 999 2340 dignatum
1023 2258 1079 2335 est
1102 2255 1344 2337 commonendo,
1364 2259 1401 2322 ιιι
1510 2287 1511 2290 ¹

292 2361 374 2428 siout
394 2359 577 2427 lerosolima
599 2380 706 2426 omnes
727 2359 817 2425 Iudei
846 2359 1008 2426 christiani
1029 2360 1105 2426 faeti
1127 2363 1215 2441 sunt,
1243 2362 1289 2427 ita
1311 2364 1345 2426 ιι
1366 2362 1399 2425 in

237 2538 244 2550 ,
292 2485 384 2534 snum
405 2465 572 2550 imperium
594 2485 700 2534 omnes
722 2463 891 2532 Iudeorum
913 2463 953 2531 cd
974 2464 1091 2531 Christi
1115 2464 1210 2532 fidem
1232 2467 1397 2531 conuerte·

292 2572 349 2638 ret
393 2569 482 2652 Quod
515 2589 589 2637 uero
623 2571 690 2654 ipse
710 2570 898 2654 imperator⁰
920 2587 1028 2636 omnes
1049 2567 1217 2636 iudeorum
1243 2570 1398 2654 baptizari

290 2673 383 2741 iussit
405 2676 438 2740 ιι
457 2676 519 2759 ipsi
540 2673 659 2740 Hebrei
678 2674 836 2740 mirabilia
852 2673 903 2740 dei
917 2673 1079 2740 audientes
1095 2677 1269 2757 spontanea
1282 2673 1396 2740 uolun-

290 2779 355 2844 tate
385 2777 585 2845 orediderunt
614 2781 647 2844 ιι
677 2777 829 2863 baptizati
860 2780 942 2846 sunt
987 2776 1056 2858 Qua
1078 2777 1116 2843 de
1138 2797 1172 2842 re
1196 2778 1396 2846 obsecramus

161 2958 164 2962 ,
290 2883 540 2967 magnitudinem
560 2884 717 2960 uestram,
741 2884 776 2949 ut
795 2883 874 2972 hseo
897 2880 1053 2948 mirabilia
1074 2871 1193 2949 domini
1207 2883 1309 2949 nostri
1324 2883 1396 2948 Iesu
1511 2919 1512 2978 ι

290 2987 406 3054 Christi
429 2987 572 3054 omnibus
594 2986 726 3054 Hebreis
748 2986 899 3070 nuntietis
933 2988 966 3051 et
986 2986 1140 3072 baptizari
1162 3005 1214 3052 eos
1239 2986 1395 3072 precipia-
1511 2981 1512 3002 ²

289 3091 339 3157 tis.
383 3090 418 3157 si
438 3093 508 3175 quis
528 3110 602 3158 uero
624 3091 767 3158 Hehreus
790 3090 942 3175 baptizari
968 3091 1119 3170 noluerit,
1156 3092 1322 3176 precipite‚
1359 3094 1396 3158 ut

289 3195 415 3280 signum
447 3197 548 3262 erucis
580 3197 613 3261 in
637 3193 752 3275 ,ιιιιιιοι1
785 3195 914 3262 metallo
948 3196 1069 3262 necin
1098 3195 1162 3262 ullo
1191 3195 1309 3280 drappo
1338 3199 1393 3262 ant

289 3299 411 3385 aliqna⁸
433 3301 533 3384 sperio
558 3300 720 3368 innostro
743 3318 840 3385 regno
863 3298 928 3366 suis
950 3299 1080 3383 pollutis
1102 3301 1246 3368 manibus
1269 3303 1392 3368 contin-

287 3406 344 3490 gat
366 3405 483 3488 etipse
505 3404 665 3484 Hebrous,
702 3405 730 3470 si
751 3405 888 3471 noluerit
909 3422 977 3470 esse
1001 3403 1205 3483 christianus,
1244 3405 1391 3470 confusus

289 3511 321 3575 et
342 3508 523 3594 repudiatus
554 3508 591 3575 de
621 3512 727 3576 uestro
750 3528 847 3594 regno
878 3508 1034 3576 abscedat
1079 3509 1172 3575 Nunc
1194 3511 1300 3576 antem
1323 3527 1393 3575 cor·

287 3613 425 3680 roborati
444 3615 478 3679 in
499 3613 560 3681 fide
576 3614 696 3680 domini
711 3614 811 3679 nostri
825 3611 898 3679 Iesu
914 3611 1032 3679 Christi
1047 3613 1210 3681 laudemus
1226 3616 1259 3680 et
1274 3614 1393 3681 exalte-

287 3739 357 3786 mus
377 3737 491 3787 nomen
513 3719 580 3786 eius
601 3719 635 3784 in
657 3719 761 3786 seonls
784 3718 969 3786 seculorum.

356 3918 370 3943 ⁸
389 3908 557 3966 clauderetc
632 3909 848 3979 '’imperiumc
921 3910 1049 3979 ‘opple
1072 3909 1184 3966 audiens
1255 3910 1391 3964 dnnloc
1511 3941 1512 3970 ι

287 4007 299 4031 ⁰
317 3997 407 4067 aliquo
426 4013 441 4051 o
