3090 4958
136 1247 338 1360 cesla
382 1246 770 1361 BllltllNGARll
824 1240 1248 1358 inconsuetus

621 1493 773 1504 —..-.

393 1645 647 1726 APXETAI
684 1642 1003 1725 ΠΡΟΛΟΓΟΟ·

229 1816 348 1898 ,,Νοιι·
370 1815 518 1882 hederam
541 1815 685 1900 sperareb
707 1817 794 1882 uales
817 1817 996 1894 laurumue,
1017 1815 1134 1894 libelle,

273 1921 360 2004 Qua·
382 1918 517 2006 largitab
539 1921 603 1986 suis
626 1921 769 2004 tempera
787 1921 910 2005 prisca⁰
930 1921 1018 1986 uiris.

229 2026 370 2093 Contulit
393 2027 470 2107 hec·
491 2043 606 2110 magno
627 2026 825 2110 labyrinthea
846 2024 976 2091 fabulab
995 2025 1133 2090 Homero
1234 2051 1241 2066 ·

273 2131 468 2214 Aeneiaque·
489 2129 565 2208 tibi,
589 2128 679 2195 docte
700 2131 793 2214 poeta
813 2129 935 2196 Maro.b

162 2242 182 2301 5
228 2236 321 2302 Atria
343 2239 419 2302 tunc
446 2234 573 2300 diuum·
594 2236 783 2300 resonabant
806 2235 945 2300 carmine
967 2235 1094 2299 uatum:

273 2341 413 2424 Respuet
435 2358 474 2405 en
494 2344 637 2404 musam·
657 2358 776 2424 queque
796 2337 992 2422 proseuchab
1014 2341 1132 2404 tuam‘.

231 2444 353 2510 Pierio*
371 2443 527 2528 flagrabat
550 2441 616 2508 eis*
639 2442 694 2509 sed
715 2463 843 2518 munere
866 2443 1011 2528 sanguis:

274 2548 479 2632 Prosequitur
501 2566 645 2631 gressum
666 2547 754 2613 nulla
776 2547 910 2612 Thalia·
930 2550 1030 2613 tuum.

214 2745 228 2770 ⁸
244 2737 272 2790 H
285 2775 569 2792 ..............
587 2753 651 2790 nam
669 2739 697 2791 et
714 2737 767 2806 ipsi
783 2737 845 2792 nult
857 2777 967 2792 ......
978 2743 988 2773 1

214 2827 248 2878 1·
270 2823 425 2878 Notandum
454 2825 497 2876 est
517 2823 568 2876 hoc
589 2823 738 2891 proemium
761 2823 900 2892 dialogum
919 2839 978 2878 esee
997 2821 1096 2892 quippe
1122 2822 1248 2879 auctoris.

138 2909 298 2979 Alloquitur
331 2926 409 2964 snum
434 2926 500 2979 opus
529 2912 557 2964 et
588 2925 602 2963 e
630 2910 763 2964 contario
792 2909 876 2964 facita
901 2909 969 2963 illud
996 2908 1057 2963 sibi·
1077 2909 1247 2978 respondere.

140 2997 280 3067 ¹²proprie
299 2996 414 3060 dietum,
443 3012 506 3050 nam
522 3011 659 3064 speramus
679 2995 748 3051 bona
765 2996 814 3067 [cs.
833 2995 929 3050 aanor
944 3001 1077 3050 coenarent.
1096 2996 1127 3049 a'ra
1150 2997 1249 3066 Vergil.

139 3085 210 3138 Aen.
229 3085 259 3150 1,
282 3087 335 3138 543
354 3099 384 3151 p.
399 3082 459 3154 90].
518 3085 555 3138 2·
579 3082 683 3138 scilicet
707 3083 777 3137 dona
825 3083 838 3116 ¹³
861 3083 965 3138 scilicet
982 3087 1046 3138 sunt
1093 3092 1104 3116 ⁰
1128 3084 1247 3154 antiqua.

32 3217 35 3225 .
140 3172 179 3226 3·
199 3169 302 3225 scilicet
319 3170 390 3226 dona
426 3169 628 3238 b'labyrinthea
652 3170 745 3225 fabula
769 3169 868 3226 dicitur
886 3170 1094 3227 obscuritatibus
1115 3169 1247 3236 inuoluta,

139 3274 204 3312 nam
222 3257 391 3328 labyrinthus
410 3256 584 3312 subterranea
602 3257 696 3313 domus
714 3257 781 3324 fuit,
800 3275 880 3328 qnam
896 3258 1015 3314 Dedalus
1033 3258 1194 3326 construxit,
1216 3257 1248 3312 de

70 3383 75 3394 ,
140 3361 196 3414 qua
213 3346 304 3400 nullus
323 3344 416 3415 egredi
432 3347 554 3414 poterat,
571 3345 625 3399 nisi
644 3346 762 3415 uestigia
774 3361 823 3399 sua
834 3348 959 3414 regeret³
971 3345 1018 3399 filo
1030 3344 1113 3415 [Aen.
1127 3345 1178 3409 VI,
1187 3343 1247 3415 30]‚

140 3431 213 3486 unde
229 3431 362 3503 Virgilius
385 3431 469 3503 [Aen.
484 3433 534 3499 VI,
547 3431 598 3503 27]
623 3433 681 3508 ‚hic
704 3433 781 3488 labor
798 3433 846 3487 ille
868 3432 979 3487 domus⁴
1005 3435 1033 3486 et
1054 3430 1248 3486 inextricabilis

140 3517 233 3572 error.'
270 3521 304 3573 4·
321 3518 480 3574 femininum
498 3519 727 3588 patronomicum,
750 3519 840 3574 idest
860 3519 953 3574 fabula
969 3518 1003 3573 de
1021 3519 1094 3573 llnea
1141 3517 1154 3550 ¹³
1174 3515 1247 3572 scili-

139 3607 185 3659 cet
203 3605 319 3660 contulit
339 3606 413 3661 haec.
469 3608 504 3662 5·
523 3606 715 3675 imperatorum
772 3607 808 3660 6·
827 3621 933 3660 carmen
983 3603 1248 3677 ΙἸΙροςεύχεσθαιῦ

140 3691 240 3746 dicitur
262 3709 340 3762 grece
364 3709 453 3758 orare,
472 3693 534 3748 hinc
558 3708 638 3763 greco
664 3691 771 3746 nomine
789 3693 937 3762 proseucha
956 3691 1053 3747 dicitur
1071 3690 1163 3744 casula
1180 3705 1247 3759 pau·

140 3777 233 3847 perie⁶
250 3778 378 3834 uidelicet
396 3771 557 3849 cappanna,v
569 3781 597 3834 in
616 3795 669 3849 qua
687 3779 807 3834 residens
824 3796 928 3850 pauper
945 3779 974 3834 in
990 3777 1139 3848 quadrunio
1156 3777 1201 3831 trel
1218 3777 1248 3830 in

140 3865 248 3934 publico
266 3866 324 3921 loco
351 3868 462 3936 petebat
480 3866 579 3936 stipem
597 3865 756 3938 [Iratcnalr'e
773 3871 911 3920 comeant.
930 3864 970 3919 ad.
993 3864 1106 3920 Cramer
1123 3861 1247 3933 p.114].

141 3951 258 4006 “libelle
312 3955 348 4008 7·
365 3955 466 4009 musico
486 3953 602 4022 bpoetis
664 3953 702 4008 8·
728 3953 804 4007 nulla
823 3968 917 4017 musa3
940 3952 1078 4021 proprium
1101 3966 1149 4019 pro
1172 3949 1247 4018 apel·

140 4038 227 4093 latino
240 4039 339 4108 posuit.
368 4039 465 4095 Thalia
480 4043 571 4094 autem
585 4038 683 4094 dicitur
695 4039 773 4110 qnasi
791 4044 880 4099 areale
892 4036 1027 4093 talares*
1045 4036 1128 4091 idest
1145 4050 1247 4105 ponens

140 4125 264 4193 germina
281 4125 460 4198 [Fhlpentiac
478 4125 621 4197 mytholop.
633 4127 654 4180 1
668 4139 690 4180 c.
701 4129 737 4180 14
755 4141 786 4194 p.
797 4124 872 4196 643]

210 4281 264 4327 ¹ez
283 4289 368 4329 duatus
385 4290 450 4329 linuit
467 4290 518 4329 haec
536 4288 677 4330 cananense
695 4288 736 4337 lapi
754 4289 852 4336 puram.
919 4278 1049 4325 'saciata
1125 4277 1247 4332 ’resero

139 4350 272 4398 *temore
320 4353 510 4402 ⁶1³roreucuese
559 4354 729 4409 ⁸paupaarlsc
779 4352 929 4396 'tototiliac
