3122 4958
296 383 357 442 156
456 400 603 441 rounnrrrs
618 402 676 442 vrrr
697 398 796 441 rmum
815 399 1026 442 nrrsuonsarrn
1043 365 1238 440 nmormrr’nn

294 552 502 619 concedimus
525 552 633 619 exinde
662 552 835 620 secundum
861 551 945 636 quod
968 572 987 617 a
1008 555 1040 619 te
1071 552 1284 620 desideratum
1314 570 1401 617 com-

293 658 431 742 perimus
455 677 531 723 esse.

292 869 380 916 IDEM
410 868 514 916 INTER
552 865 634 914 ALIA
666 865 766 914 0ch
807 867 984 914 PHILETUM
1017 865 1208 915 EPISGOPUM
1243 865 1401 928 sturrnt,

461 972 520 1031 QUI
551 971 645 1019 MALE
678 970 830 1020 UIUEBAT
863 972 907 1018 ET
939 972 1029 1019 BENE
1062 970 1228 1020 DOGEBAT.

380 1093 448 1160 Hoc
470 1096 576 1160 autem
594 1092 677 1177 quod
690 1092 844 1157 Iohannes
871 1092 916 1159 ait
936 1092 970 1156 in
997 1092 1207 1177 apocalipsir¹
1227 1093 1284 1173 qai
1307 1092 1402 1157 audit

292 1199 380 1265 dicct
402 1198 478 1264 aaut
512 1199 558 1264 sic
587 1199 635 1264 est
665 1195 929 1281 intellegendum:
965 1196 1019 1262 ille
1050 1195 1176 1280 quidem
1196 1197 1399 1281 neglegentes

292 1303 332 1370 ad
366 1303 445 1369 benc
473 1300 664 1386 operandum
689 1301 805 1368 inritet
833 1300 885 1366 uel
914 1300 951 1365 de
974 1301 1220 1385 transgressibus
1252 1302 1399 1385 corrigat,

293 1408 346 1494 qui
369 1428 426 1492 per
448 1409 549 1474 semet
576 1407 680 1491 ipsum
700 1405 856 1472 dominica
884 1408 1032 1490 precepta
1050 1405 1220 1490 uigilanter
1241 1406 1399 1472 obseruat.

291 1513 442 1599 Alioquin
475 1511 634 1578 contineat
665 1531 702 1576 uc
738 1512 887 1576 uersatur
923 1529 1014 1576 suum
1050 1509 1188 1595 proferre
1224 1529 1401 1577 sermonem

290 1618 378 1682 iuxta
396 1614 477 1682 illud
500 1616 581 1699 quod
610 1615 687 1681 dicit
715 1615 791 1680 deus
825 1614 1022 1699 peccatoriz²
1059 1615 1164 1698 Quare
1193 1618 1230 1680 ta
1262 1635 1400 1680 enarras

291 1722 437 1788 iustitias
460 1741 546 1786 umas
568 1726 597 1785 et
618 1720 757 1786 assumis
780 1709 1000 1785 testamentum
1022 1741 1124 1784 mcum
1141 1740 1203 1800 pce·
1225 1740 1259 1785 os
1282 1720 1400 1785 tuam?

292 1828 376 1892 Nam
417 1827 505 1892 ouius
539 1825 607 1891 uita
644 1825 799 1891 ueraciter
831 1824 1083 1910 reprehenditur,
1121 1825 1188 1890 eius
1226 1825 1399 1909 predicatio

291 1931 384 1997 facile
407 1930 652 2015 contempnitur,
680 1929 753 2016 quia
780 1929 882 2013 magis
909 1932 1040 2014 generet
1068 1928 1252 1995 scandalum
1273 1929 1399 2014 populo,
1451 1959 1454 1966 ·

292 2057 384 2120 quam
405 2037 544 2102 fructum
565 2034 780 2119 acquisitionis
803 2034 923 2100 deferat
949 2034 1083 2100 domino.
1424 2019 1427 2024 ’

292 2264 376 2312 rums
415 2264 545 2312 uxmnn
581 2261 757 2310 rorrnurrrrs
804 2262 903 2311 uanus
944 2261 1040 2310 rrouu
1086 2262 1215 2311 rausum
1250 2261 1401 2310 rrunruo

554 2351 676 2416 anors³
714 2367 887 2417 orurunrrs
924 2367 1143 2417 conrrsooro.

379 2489 492 2555 Vestro
534 2487 773 2554 consultationis
808 2488 941 2567 litteris,
979 2487 1091 2570 quibus
1128 2487 1331 2571 significastis
1368 2489 1401 2553 te

297 2593 459 2677 suspicari,
482 2593 686 2660 Ambrosium
707 2596 807 2659 tuum·
818 2593 981 2658 conciuem
1003 2592 1123 2657 ambitu
1138 2591 1259 2656 discidii
1276 2611 1310 2657 se
1326 2610 1402 2657 con·

292 2698 376 2764 fitsri
394 2698 597 2764 concubuisse
621 2717 693 2764 cum
715 2717 772 2764 sua
792 2717 876 2764 nunc
898 2700 1023 2763 mortua
1038 2715 1148 2774 socru,
1170 2697 1259 2762 breui
1273 2696 1400 2780 quidem

294 2821 437 2868 sermone
456 2801 512 2868 scd
532 2801 664 2886 prouida
685 2803 806 2868 ratione
827 2801 1029 2868 rescribimus
1050 2802 1111 2866 sic:
1134 2802 1265 2885 Propria
1287 2802 1400 2885 quippe

293 2908 446 2974 confessio
476 2926 534 2972 nec
553 2908 721 2974 testatione
748 2927 807 2972 nec
827 2907 930 2973 alisna
950 2904 1071 2990 indiget
1093 2908 1309 2984 accusatione,
1343 2904 1400 2989 sed

293 3012 440 3097 qnoniam
462 3012 645 3095 plerumque
668 3013 763 3077 etiam
785 3012 855 3095 ipsa
883 3013 1053 3094 spontanea
1077 3010 1229 3078 confessio
1253 3008 1400 3074 simulate

294 3117 362 3182 fieri
388 3117 493 3201 potest
522 3117 555 3180 ct
585 3116 670 3182 omni
699 3115 823 3198 spiritui
852 3113 1042 3180 credendum
1072 3116 1219 3192 nonest,
1256 3132 1399 3197 persona,

294 3241 389 3306 quam
411 3222 591 3305 suspectam
608 3221 767 3299 asseritis,
789 3222 897 3286 uestra
915 3218 1129 3284 moderatione
1143 3218 1241 3284 faeiat
1255 3217 1401 3284 idoneam

294 3345 382 3392 suam
407 3324 633 3392 confessionem
662 3324 730 3390 siue
755 3326 822 3391 solo
844 3325 912 3390 ime
941 3323 1088 3401 iurando,
1126 3323 1153 3387 si
1174 3313 1306 3407 persona
1325 3323 1400 3386 talis

294 3432 361 3508 ost,
397 3430 464 3495 siue
494 3429 598 3495 diuino
622 3429 779 3508 examine,
816 3430 852 3493 ut
872 3429 969 3493 moris
1000 3426 1107 3512 populi
1129 3429 1193 3506 est,
1228 3429 1401 3493 autetiam

295 3554 423 3619 corpore
454 3537 486 3600 ct
507 3536 660 3619 sanguine
680 3533 799 3599 Christi
819 3532 985 3617 probetur,
1016 3532 1097 3596 sicut
1127 3534 1234 3597 noster
1256 3531 1401 3597 decessor

294 3639 452 3706 Adrianus
477 3639 552 3704 fecit
579 3639 613 3708 in
634 3638 784 3703 Lotberio
814 3657 889 3722 rege
919 3656 974 3720 pro
997 3635 1169 3702 Waldrada
1200 3656 1257 3702 sua
1278 3637 1398 3720 pellice.

295 3744 426 3810 Interim
446 3762 521 3809 uero
546 3761 618 3808 oum
637 3754 772 3826 isponsa,
795 3761 890 3825 quam
918 3741 1137 3806 dimittendam
1160 3740 1347 3819 iudicamus,
1373 3741 1402 3806 si

297 3848 414 3914 crimen
437 3845 497 3934 (in)
517 3847 651 3912 ueritate
680 3846 842 3924 consistit,
879 3865 941 3912 non
969 3845 1093 3930 culpam
1121 3847 1237 3930 augeat
1260 3846 1400 3912 cubando

298 3971 443 4030 cumea,
466 3950 521 4016 sed
544 3951 723 4018 castitatem
740 3933 912 4016 'conseruet
934 3949 1097 4016 retinendo
1120 3969 1153 4014 ss
1173 3950 1211 4016 ab
1237 3969 1282 4015 ea.

351 4125 360 4156 ¹
374 4129 438 4178 Aper.
450 4131 486 4175 22,
501 4131 533 4169 17.
575 4123 674 4170 'Prata
688 4130 724 4178 49,
739 4131 773 4168 ts.
818 4123 913 4167 ³Paulo
926 4126 1045 4174 Reginae?

722 4317 927 4325 Μὴ...
958 4319 976 4326 ..,
