3036 4952
467 458 470 462 .
509 427 567 470 nno
590 425 727 469 nonnoso
748 425 835 468 naon.
1163 409 1224 468 139

16 591 18 596 ’
120 581 257 648 electum
280 582 313 646 et
335 581 374 646 ab
395 579 594 646 huiusmodi·
616 578 802 645 officialibus
826 577 1024 661 pontificibus
1045 579 1078 643 in
1101 581 1226 645 sacrata

119 686 193 752 sede
226 685 473 751 inthronizatum
505 684 538 749 in
569 684 772 750 subterraneo
801 703 895 767 specu
928 684 1000 766 post
1032 683 1126 748 huius
1160 685 1226 766 uite

117 789 288 855 terminum
312 790 446 874 quietem
470 789 584 855 habere
614 807 677 853 non
708 787 834 853 licuisse
856 786 1098 854 exanimatum.'’
1141 787 1227 854 Nam

117 894 186 959 eius
209 893 341 959 cadauer
363 893 486 976 iamque
510 913 566 975 per
585 911 699 958 nouem
721 911 845 958 menses
873 892 1032 974 sepultum
1053 911 1108 976 per
1130 891 1225 974 pedes

118 997 158 1063 de
180 989 342 1082 sepulchro
367 996 527 1063 extraxisti
555 998 587 1062 et
608 996 697 1081 quasi
717 995 792 1062 Saul
818 1016 873 1078 per
894 995 1070 1062 Samuelem
1092 1016 1165 1062 eum
1186 997 1225 1061 ab

115 1102 226 1167 inieris
256 1121 408 1167 reuocans
440 1101 626 1167 consuluisti
659 1102 693 1166 et
724 1099 757 1165 in
774 1099 942 1190 synodum
972 1100 1079 1166 sedere
1112 1100 1225 1166 fecisti.

116 1205 296 1277 Credimus,
317 1205 344 1271 si
367 1208 411 1270 ut·
425 1206 572 1290 spiritus⁰
591 1204 747 1271 Samuelis
769 1205 968 1289 loqueretur,
990 1205 1123 1270 forsitan
1142 1205 1225 1270 dice·

116 1312 168 1375 ret
190 1310 288 1376 tibi:¹
324 1306 406 1374 Orus
428 1313 463 1372 tu
485 1314 514 1374 et
535 1308 600 1391 piei
621 1311 670 1373 ree
691 1329 812 1374 mecum
834 1307 953 1374 eritis.‘¹
998 1308 1059 1375 Sed
1082 1309 1225 1393 quamuis

114 1413 173 1480 ille
195 1433 258 1479 non
279 1414 373 1479 fuerit
396 1413 535 1492 locutus,
573 1416 609 1479 tu
633 1416 740 1480 tamen
762 1416 794 1478 et
813 1413 871 1478 filii
896 1413 944 1478 tui
970 1412 1163 1480 descendetis
1186 1413 1225 1479 ad

56 1583 58 1588 .
114 1519 252 1596 inferos,
274 1517 329 1582 ille
352 1519 457 1583 autern
480 1519 519 1583 ab
539 1518 660 1603 angelis
682 1520 845 1602 susceptus
860 1519 925 1583 iam
940 1516 1061 1600 pridem
1076 1518 1226 1603 migrauit

115 1621 157 1689 ad
179 1616 331 1705 superos(
362 1622 388 1687 0
412 1623 533 1688 facinus
554 1622 746 1688 inauditum!
767 1622 903 1687 oscelus
918 1622 1069 1688 inuisum!
1092 1622 1225 1688 osacri-

114 1726 236 1810 legium
254 1725 493 1808 intemptatum!
531 1747 625 1811 quem
648 1727 688 1791 ab
706 1727 844 1791 infancia
873 1727 955 1791 lacte
978 1726 1125 1804 nutristi,
1156 1727 1225 1792 cibo

115 1829 218 1896 solido
247 1830 379 1912 punisti,
415 1829 532 1896 litteris
561 1830 692 1897 inbuisti
724 1833 756 1896 et
783 1850 839 1914 per
862 1829 1089 1912 ecclesiastices
1109 1831 1225 1916 gradus

115 1933 159 1999 ad
193 1933 316 2000 culmen
349 1934 528 2016 pontificale
565 1934 668 2020 dignis
703 1935 770 2000 eius
804 1935 942 2000 moribus
975 1936 1226 2017 promerentibus

115 2037 288 2105 aduectum
309 2038 450 2123 elegisti⁰
472 2039 565 2123 'atque
591 2038 630 2104 ad
650 2039 894 2130 paganissimam
909 2039 1132 2123 predicandam
1147 2059 1225 2126 gen-

115 2146 185 2210 tem
200 2143 329 2221 misisti,
345 2146 537 2210 remeantem
553 2163 673 2230 quoque
688 2143 803 2229 gaudio
820 2145 984 2227 suscepisti
1000 2147 1031 2209 et
1045 2148 1225 2227 susceptum

115 2248 202 2314 malo
229 2250 299 2326 tuo,
338 2248 419 2331 quod
438 2267 501 2313 non
524 2248 677 2326 debuisti,
716 2249 839 2313 exulem
860 2250 970 2332 procul
993 2269 1011 2314 a
1032 2250 1134 2332 patria
1152 2269 1225 2334 pro-

114 2353 230 2419 iecisti.
274 2351 334 2418 Sed
365 2352 405 2417 ad
430 2354 555 2436 tempus
575 2355 719 2436 receptus
747 2353 779 2418 ct
809 2354 843 2417 in
868 2352 1036 2434 pristinum
1065 2353 1228 2438 gradum,¹

116 2476 220 2540 aquo
251 2456 421 2522 destitutus
443 2453 612 2544 (nescimus
636 2456 702 2522 zelo
735 2476 775 2521 an
806 2476 887 2522 noxa
913 2454 1022 2543 fuerit)
1050 2458 1224 2535 restitutus,

115 2560 251 2637 Christi,
275 2579 368 2644 quam
391 2560 556 2639 debuerat,
579 2561 699 2626 milicia
724 2562 773 2626 est
792 2562 927 2626 functus.
972 2560 1129 2645 Stephano
1147 2583 1225 2645 quo·

114 2684 177 2750 que
197 2684 293 2748 papa,
329 2663 483 2729 Adriani⁸
505 2665 587 2742 filio,
611 2685 703 2749 quem
725 2665 810 2730 idem
830 2665 999 2730 Formosus
1022 2685 1225 2732 consecrane-

114 2770 184 2847 rat,
224 2768 340 2833 uium²
369 2769 521 2851 uniuerso
543 2773 625 2850 terre
649 2771 807 2853 inpresso,
835 2770 964 2836 adunati
984 2772 1059 2856 sunt
1080 2770 1225 2854 episcopi,
1281 2811 1283 2816 ·

113 2891 322 2959 proceresque
347 2873 411 2950 tui,
448 2874 553 2938 clerici
584 2892 705 2957 quoque
733 2876 765 2938 et
787 2873 920 2957 populus
942 2876 1115 2958 cunctaque
1135 2877 1225 2961 uulgi

113 2995 245 3054 manus,
266 2978 298 3043 et
320 2980 474 3044 uenerunt
495 2978 528 3042 in
551 2977 657 3042 sedem
675 2980 882 3043 Portuensem
901 2978 982 3058 infra
996 2979 1107 3044 urbem
1122 2980 1225 3059 sitam,

115 3082 168 3148 cui
190 3082 360 3147 Formosus
389 3082 529 3164 preerat,
565 3101 678 3165 papam
708 3101 780 3146 eum
808 3100 1024 3165 summumque
1044 3083 1225 3166 pontificem

114 3183 361 3252 adclamantes.¹¹
406 3184 474 3264 Quo
497 3187 648 3252 renuente
669 3187 701 3251 ct
730 3184 963 3252 contradicente
994 3187 1025 3252 et
1047 3185 1102 3253 ad¹
1123 3188 1223 3254 altare

114 3309 150 3354 se
173 3288 369 3371 conplicante
391 3309 447 3373 per
470 3289 536 3354 uim
559 3308 629 3356 eum
651 3310 724 3356 cum
740 3289 840 3373 palla,
871 3309 932 3373 qua
960 3290 1060 3357 altare
1081 3295 1224 3376 opertum

113 3394 199 3471 erat,
238 3393 347 3458 exinde
377 3395 598 3460 abstraxerunt
628 3397 660 3460 et
691 3395 886 3460 abstractum
916 3414 988 3460 cum
1015 3396 1161 3462 laudibus
1192 3401 1224 3464 ot

114 3497 219 3563 choris
248 3498 282 3562 in
312 3497 385 3563 sede
411 3498 495 3564 beati
522 3499 610 3564 Petri
637 3498 849 3582 apostolorum
877 3501 1029 3583 principis
1051 3501 1224 3568 introniza-

113 3603 239 3667 uerunt
284 3601 344 3683 Qui
367 3603 400 3668 in
422 3603 595 3687 apostolica
614 3604 686 3669 sede
709 3604 828 3688 positus
850 3604 953 3670 multa
975 3605 1033 3671 tibi
1052 3606 1133 3672 bona
1147 3627 1224 3672 con-

113 3705 207 3784 tulit,
231 3706 379 3787 ecclesias
401 3707 612 3786 reedifieauit,
636 3706 827 3785 exstruxit*
849 3707 1020 3790 edificauit,
1044 3711 1177 3794 compsit
1192 3714 1224 3778 et

114 3809 256 3888 ornauit,
294 3813 547 3883 consecraciones
567 3811 659 3891 fecit,
693 3812 839 3878 diaconos
863 3814 896 3876 et
916 3813 1106 3896 presbiteros
1128 3816 1222 3900 atque

186 4024 199 4049 ⁸
216 4015 382 4072 eiusmodic
429 4017 674 4074 '’examinatumc
720 4019 879 4088 espirituc
922 4018 1081 4074 ‘'heritisc
1120 4031 1132 4055 θ
1149 4037 1222 4076 reco-

113 4103 191 4158 luisti
208 4117 277 4156 corr.
298 4103 440 4173 elegistic
508 4104 669 4176 rgrcdusc
738 4105 920 4162 sadraanic
979 4106 1222 4164 ¹²atolumantesc

114 4190 391 4246 ¹exccrr.etadc
436 4191 615 4246 ltastruxitc

183 4361 284 4418 11naa.
297 4370 336 4416 ae,
354 4368 388 4409 re.
441 4362 543 4419 ’anm
558 4371 583 4418 a,
601 4371 623 4410 e.
