3122 4958
336 429 431 473 unsre
449 427 636 472 nnnnnennn
655 427 856 500 mnnnroms
878 425 914 475 11,
929 423 1035 465 sne-sse.
1176 411 1237 471 109

244 584 313 649 Hae
337 581 511 649 diuersam
533 582 623 667 perte
643 581 749 648 uiues·
769 584 937 667 utcumque
960 580 1154 648 cadebant.¹’'

139 693 200 752 215
245 687 354 754 Senior
376 688 410 754 at
430 687 555 754 miseris
577 686 676 752 instat
697 690 847 772 regnator
869 688 1011 752 Etruscis
1107 750 1111 758 .

244 792 394 876 Hesperie
416 791 622 874 timidumque
644 793 738 857 uoeet
759 791 895 858 Widona
916 811 972 876 per
992 809 1114 876 agmen,

246 896 326 961 ΝΠ·
347 895 478 981 uulgare
500 897 648 981 legens:
669 895 723 961 sed
745 915 805 980 quq
827 895 1012 981 dignissima
1032 895 1100 962 uita

245 1002 380 1080 Funera,
398 1000 563 1085 precipuos
586 999 675 1066 annis
700 1002 877 1086 animisque
895 1002 1023 1066 omento

246 1107 341 1171 Fert·
362 1105 485 1190 gladio:
505 1105 703 1170 innumeris²
725 1105 826 1172 ueluti
848 1106 897 1172 leo
922 1106 1002 1171 forte
1025 1103 1143 1190 potitus

246 1209 394 1288 Gedibus,
418 1210 561 1276 imbelles
582 1209 700 1276 uitulos
719 1210 891 1295 mollesque
912 1210 1059 1276 iuuencae

246 1314 486 1393 Transmittit3⁸
504 1334 619 1399 magno
639 1315 725 1381 furor
747 1319 796 1381 eet
817 1317 850 1380 in
871 1317 1022 1400 sanguine
1041 1315 1142 1399 mergi

246 1419 313 1484 Neo
335 1419 396 1484 nisi
419 1419 604 1505 regnantis³
626 1421 748 1486 oeruiee
769 1420 950 1486 recumbere
968 1419 1062 1485 tauri.

246 1522 429 1589 meredum
455 1522 509 1589 sed
530 1523 614 1590 enim
636 1525 780 1610 sonipes*
802 1523 885 1590 male
906 1523 987 1590 fidus
1009 1525 1043 1588 in
1064 1523 1158 1588 armis

245 1628 456 1711 Rumpentem
476 1627 602 1693 fronos⁸
620 1626 743 1693 diuersa
765 1647 821 1716 per
841 1628 966 1712 agmina
987 1628 1093 1712 reptat

246 1732 313 1797 Iam
334 1731 451 1809 liber3⁸
472 1731 517 1797 sio
538 1731 622 1798 fessa
643 1731 784 1798 manus.b
821 1733 917 1798 Venit
939 1733 1032 1798 asta⁴
1047 1751 1102 1816 per
1117 1749 1220 1797 armos

188 1876 192 1885 ·
246 1835 401 1918 Principis
423 1838 456 1902 et
477 1834 585 1917 lquum
607 1837 714 1903 inueni
730 1837 966 1904 transuerberat
990 1838 1116 1922 inguen,

79 1935 81 1940 ’
190 2015 193 2020 ⁴
243 1940 474 2024 Labentemque
497 1940 599 2026 affigit
619 1960 706 2025 equo.
750 1943 847 2027 rugit
867 1941 944 2007 ille·
967 1944 1128 2027 perempto

247 2046 415 2112 Consertus
439 2045 580 2123 domino,
604 2065 662 2111 neo
683 2047 748 2112 iam
771 2065 860 2112 arma
881 2047 937 2112 aut
957 2046 1045 2112 frena
1059 2048 1221 2111 tenentem

245 2151 357 2215 Portet
379 2149 480 2214 adhue
502 2150 672 2234 equitem.⁵
715 2151 836 2218 Fratris
858 2151 923 2217 iam
943 2151 1073 2216 menbra
1096 2151 1226 2235 regebat

244 2253 406 2319 Ardtninus
429 2261 547 2336 equo‚·
567 2253 665 2320 leua6
683 2254 879 2351 marcentia*
902 2254 984 2321 oolla

246 2356 430 2424 Sustentans
453 2357 620 2443 dextraque
643 2360 757 2425 latus*
801 2358 999 2444 Singultibus
1021 2362 1144 2425 artum·

189 2532 190 2536 ,
244 2461 416 2528 Exhaurit²
435 2464 565 2528 thoraca
588 2462 692 2542 dolor,
714 2483 773 2529 neo
795 2464 900 2530 uincla
923 2463 1111 2534 cohercentb

245 2566 424 2632 Vndantem
445 2566 543 2633 fietu·
563 2567 702 2653 galeam,
725 2588 798 2634 oum
816 2566 940 2634 multab
962 2569 1101 2653 gementi

246 2671 346 2737 Valde
359 2673 373 2758 Ι·
394 2671 500 2757 grauis
523 2691 636 2738 ouruas
656 2673 823 2758 perfringit
847 2673 957 2738 lanoea
979 2675 1092 2739 costae.

245 2776 318 2842 nxit
340 2779 373 2846 et
394 2777 427 2841 in
448 2777 594 2856 fratrem,
618 2780 813 2863 cognataque
835 2779 965 2863 pectora
986 2777 1051 2843 telo

247 2878 418 2947 Conserit‘
461 2881 542 2948 Illeb
564 2881 672 2958 oeulos
694 2884 867 2948 etiamnum
888 2883 922 2947 in
944 2881 1015 2948 luee
1034 2884 1179 2948 natantes

246 2983 337 3051 Sistit
360 2987 392 3050 et
415 2985 562 3072 adspecta
584 2987 726 3071 germani
748 2988 848 3053 morte
870 2986 1010 3054 resoluit.

247 3091 445 3156 Procubuore
468 3110 558 3175 pares
582 3091 722 3162 fatis-
744 3092 922 3158 miserabile
945 3094 1056 3158 uotum

247 3196 361 3261 Morbis
384 3233 427 3244 -
450 3197 482 3261 et
503 3195 626 3262 alterna
648 3196 828 3263 clauserunt
849 3198 970 3264 lumina
990 3197 1107 3263 dextra.

207 3385 277 3440 214·
300 3373 506 3441 uicissitudines'
556 3387 752 3442 l‘finiebantur
822 3390 894 3443 217·
921 3389 1025 3459 eligens
1065 3388 1139 3443 212·
1156 3387 1245 3442 aufert

137 3473 210 3527 221·
228 3472 342 3540 preterit
411 3473 485 3528 223·
508 3489 609 3543 aequus
679 3476 751 3531 224·
775 3475 803 3528 id
828 3477 870 3529 est
889 3477 948 3530 toto
976 3475 1037 3529 nisu
1063 3475 1245 3530 retrahentem

137 3560 211 3614 225·
229 3576 245 3613 a
264 3563 367 3614 rectore
386 3560 488 3615 scilieet
539 3560 682 3615 bseilieet·
695 3564 753 3615 erat
793 3563 864 3617 227·
881 3578 982 3632 aequus
1021 3563 1094 3620 230·
1109 3562 1139 3616 id
1157 3565 1199 3617 est
1215 3563 1244 3616 in

139 3661 206 3714 equo
242 3645 423 3700 bdeficientia
474 3648 545 3702 231·
563 3648 716 3702 sustentant
762 3650 832 3703 232·
849 3650 948 3717 aperit,
970 3649 1046 3702 laxat
1081 3648 1244 3704 beorrstrin-

138 3736 208 3801 gunt
259 3736 329 3790 233·
348 3736 419 3788 Bene
438 3733 507 3788 dixit
524 3734 604 3803 fletu,
635 3749 699 3788 sane
716 3735 838 3803 ploratus
864 3739 971 3791 tantum
996 3736 1167 3790 lacrimarum
1193 3739 1243 3801 eet

138 3821 263 3888 planetus
281 3823 388 3875 tantum
414 3838 521 3886 uocum,
553 3822 632 3876 fletus
650 3822 686 3876 ad
702 3825 845 3893 utrumque
869 3825 988 3892 pertinet
1005 3822 1105 3894 [Sera
1124 3822 1243 3878 adAen.

142 3907 188 3962 VI
191 3946 201 3974 ‚
212 3909 267 3962 427
280 3924 311 3976 p.
322 3909 400 3979 380}
448 3908 527 3977 bpro
543 3909 659 3964 multum
703 3911 775 3966 236·
792 3910 937 3980 coniungit
976 3910 1056 3981 bqui
1078 3909 1165 3979 primo
1183 3911 1244 3964 nul-

138 3996 248 4049 notatus
263 3994 318 4050 fuit

206 4167 252 4213 lv.
266 4172 381 4213 217-218
399 4185 426 4214 ea
443 4173 496 4214 Stat.
512 4173 574 4214 Paeo.
592 4172 660 4221 VIII,
674 4174 799 4214 379-380.
852 4167 898 4215 ²v.
913 4175 954 4216 219
971 4174 1096 4215 innumeris
1112 4196 1134 4203 -
1151 4177 1191 4216 222
1218 4190 1244 4217 ee:

137 4243 192 4282 Stat.
209 4242 272 4283 luet.
289 4243 356 4290 VIII,
371 4245 500 4285 sao-597.
527 4239 539 4269 ⁸
552 4245 674 4292 regnantes
687 4256 698 4283 ο
724 4239 736 4270 ⁴
748 4245 782 4295 es.
799 4244 858 4294 Vero.
871 4245 924 4286 Aen.
939 4245 1178 4296 n,see,eea.·sun1t
1193 4257 1244 4286 oras

138 4312 204 4352 hasta
217 4313 328 4362 perimas
396 4317 443 4354 tum
456 4315 547 4354 laeuum
560 4315 664 4364 perforet
677 4314 761 4364 inguen
798 4309 954 4364 ⁶equtdemc
980 4313 1027 4356 ⁰v.
1041 4316 1082 4355 230
1096 4316 1150 4355 lena
1163 4337 1189 4345 -
1204 4318 1245 4358 239
1321 4301 1323 4306 ¹

139 4396 165 4423 επ
178 4383 234 4424 star.
249 4383 311 4424 raes.
325 4383 360 4433 rr,
375 4387 509 4432 ser-sae,
523 4387 656 4426 ern-oea.
698 4381 782 4434 'pone
797 4385 888 4427 sactus.
