3122 4958
579 375 636 417 nuo
655 375 792 418 nonnoso
813 374 899 416 narn.
1230 362 1290 419 149

191 528 256 594 eius
290 528 460 594 christiane
489 527 562 594 fidei
595 527 786 594 habitatores
819 530 928 628 eontra
965 530 997 595 te
1031 529 1182 596 clament:
1219 528 1293 612 quia

189 652 296 698 omnes
320 633 472 718 decepisti
494 636 526 699 et
554 633 622 716 ipsa
645 633 776 716 decepta
799 652 841 699 es.
887 633 1174 718 Constantinopolis
1201 654 1292 700 nam·

189 756 266 820 que,
286 737 409 818 Sicilia,
429 740 498 803 tota
513 737 623 816 Italia,
647 735 765 815 Gallia,
781 737 964 818 Germania,
984 739 1018 804 in
1034 758 1164 824 quarum
1179 739 1292 824 spaciis

188 843 439 927 metropolitani,
476 845 541 926 qui
563 843 785 927 subfraganeos
817 843 1008 927 episcopales
1031 845 1119 928 cetus
1141 863 1196 910 sue
1217 864 1292 910 con·
1401 913 1405 923 ,

189 948 355 1014 sacrationi
377 948 553 1026 uindicant,
577 946 690 1032 degere
710 946 867 1028 uidentur,
896 946 1046 1015 aduersus
1068 951 1100 1015 te
1123 952 1293 1034 causantur

189 1054 222 1118 et
249 1053 457 1137 querelantur,
495 1052 569 1137 quia
598 1052 704 1118 nullus
734 1052 996 1139 metropolitanus
1024 1055 1293 1120 consecracionem

189 1159 291 1224 facere
313 1159 432 1242 potest,
455 1157 516 1224 nisi
538 1177 558 1224 a
578 1155 650 1222 sede
671 1157 843 1242 apostolica
864 1158 997 1244 pallium
1019 1161 1153 1225 sumat·
1186 1158 1292 1243 Aquo

189 1282 263 1347 ergo
285 1262 481 1339 Bisancium,
515 1281 594 1345 quae
629 1261 914 1346 Constantinopolis
952 1265 1094 1343 uocatur,
1130 1266 1290 1344 Rauenna,

188 1369 303 1432 Forum
327 1366 418 1446 Iulii,
441 1365 670 1446 Mediolanum,
690 1367 933 1446 Hebrudunum,
961 1367 1141 1448 Arelatem,
1164 1368 1292 1452 Lugdu·

188 1492 280 1551 num,
301 1471 413 1538 ciuitas
433 1473 622 1551 Remorum,
646 1471 810 1550 Colonia,¹'
834 1472 998 1557 Mogontia
1015 1476 1179 1558 cetereque
1197 1473 1291 1540 urbes

186 1577 427 1660 metropolitane
448 1577 511 1642 nisi
535 1578 573 1643 ab
585 1577 768 1662 ⁴apostolica
794 1578 1290 1663 66166161166611161666166611ο

188 1682 223 1748 Si
242 1683 288 1748 ita
311 1684 374 1760 est,
404 1669 440 1747 6
462 1682 582 1765 prodis,
612 1683 698 1748 totus
721 1701 819 1766 poene
848 1681 984 1748 mundus
1004 1703 1061 1768 per
1084 1703 1182 1750 annos
1203 1685 1292 1752 XXX

187 1789 220 1852 in
243 1787 332 1852 urina
353 1787 475 1870 positus
499 1788 562 1866 est,
585 1805 647 1852 non
670 1787 773 1852 solum
790 1787 830 1852 ad
846 1787 1100 1873 dampnationem
1117 1809 1291 1872 corporum,

186 1911 298 1958 uerum
321 1893 437 1970 eciam,
460 1891 542 1975 quod
566 1891 702 1958 deterius
725 1892 1292 1969 est,addet1imantumanimarum.

187 1995 247 2076 Qui
278 1994 494 2062 dinumerare‘¹
521 1997 625 2082 potest
655 1996 764 2063 stellas
792 1997 853 2062 celi
874 1999 907 2064 et
926 2004 1085 2077 arenam,⁰
1106 2017 1164 2083 que
1188 2001 1236 2065 est
1258 2001 1292 2065 in

185 2100 278 2166 litore
313 2102 425 2194 maris,
460 2101 513 2166 hio
550 2099 747 2167 dinumerare
784 2103 901 2186 poterit
937 2102 1060 2169 animas
1096 2105 1129 2169 et
1163 2123 1292 2188 corpora

186 2225 310 2285 eorum,
333 2206 387 2289 qui
408 2206 524 2290 absque
546 2206 701 2272 babtismo
724 2207 757 2273 et
778 2207 858 2273 sacri
881 2207 1040 2276 crismatis
1063 2209 1214 2298 unccione
1236 2229 1292 2292 per

185 2313 234 2378 tot
254 2330 405 2376 annorum
428 2309 603 2377 curricula*
623 2310 663 2377 ad
685 2313 806 2378 tartara
828 2313 901 2378 sunt
920 2311 1058 2378 dimersi.
1101 2313 1293 2379 Missarum⁸

186 2415 282 2482 etiam
305 2415 457 2482 solemnia
479 2417 540 2481 nisi
562 2415 601 2481 ab
624 2415 848 2499 antiquissimis
871 2415 948 2481 uiris
969 2415 1097 2482 minime
1120 2420 1194 2484 sunt
1209 2418 1291 2484 cele·

187 2522 285 2590 brata.
330 2520 408 2602 Quis
443 2520 527 2586 enim
563 2539 669 2586 saeros
701 2520 804 2586 fontes
838 2516 1037 2586 benediceret
1078 2523 1112 2588 et
1147 2525 1291 2588 sanctum

187 2625 322 2693 chrisma
352 2624 520 2690 conficeret
547 2627 603 2690 aut
629 2625 700 2707 quis
721 2625 897 2707 penitentes
926 2625 1064 2694 solueret
1090 2629 1145 2692 aut
1166 2627 1291 2711 ligaret,

187 2751 258 2796 cum
278 2730 379 2796 omnis
403 2729 477 2795 ordo
497 2728 726 2810 ecclesiasticus
746 2730 792 2795 ita
814 2729 854 2794 ad
874 2729 939 2795 ima
953 2729 1118 2811 ceciderit,
1138 2733 1187 2811 ut,
1210 2733 1292 2798 sicut

185 2838 222 2901 tu
244 2853 323 2900 ausu
346 2834 463 2900 nefario
487 2835 520 2899 ot
551 2853 603 2898 ore
624 2834 790 2899 temerario
813 2831 991 2912 delatras,¹¹
1019 2834 1116 2901 nichil
1138 2837 1290 2916 habuerit,

187 2939 285 3004 nichil
308 2938 452 3004 dederit?

245 3069 248 3074 ·
273 3043 374 3127 Igitur
391 3042 460 3108 'iam
479 3044 602 3126 tempus
624 3043 686 3120 est,
723 3043 760 3107 61
782 3040 823 3106 ad
845 3045 1047 3126 conceptum,
1078 3045 1159 3110 sicut
1183 3064 1291 3112 sumus

185 3147 335 3232 polliciti,
358 3146 521 3212 redeamus
543 3146 702 3230 eloquium
724 3147 757 3211 et
777 3147 851 3230 quia
864 3147 1051 3213 Formosum
1071 3169 1186 3234 papam
1200 3151 1290 3217 inua-

186 3271 289 3318 sorem
308 3269 371 3316 uon
392 3251 489 3316 fuisso
513 3249 760 3328 declarauimus,
795 3252 841 3342 ita
863 3270 941 3334 eque
965 3271 1005 3316 an
1027 3251 1147 3337 inique¹
1168 3255 1290 3339 deposi-

185 3359 254 3422 tum
290 3354 414 3421 restitui
450 3373 541 3437 posse
577 3358 610 3420 et
646 3355 683 3420 de
722 3355 855 3436 ecclesia
893 3355 933 3420 ad
965 3356 1129 3438 ecclesiam
1161 3359 1291 3444 migrari

185 3457 360 3540 66161666,Ιι
395 3460 496 3524 saneti
530 3459 657 3544 spiritus
687 3460 843 3526 infusione
874 3458 1089 3528 dilucidemus.
1134 3464 1290 3530 Plurimos

187 3567 270 3630 enim
291 3565 506 3648 episcoporum
529 3564 599 3630 aliis
622 3583 658 3628 ex
680 3565 862 3631 ciuitatibus
886 3565 926 3630 ad
948 3565 1025 3631 alias
1046 3585 1139 3632 causa
1154 3569 1290 3634 necessi-

186 3671 261 3735 tatis
296 3671 389 3753 atque
421 3668 570 3734 utilitatis
612 3687 735 3735 necnon
761 3669 971 3736 inuitaeionis
1009 3672 1041 3736 et
1077 3671 1290 3738 aduocationis

186 3775 366 3840 sanctorum
387 3773 525 3839 utilitate
549 3775 676 3857 patrum
698 3773 865 3840 didicimus
880 3794 948 3841 esse
963 3775 1123 3860 migratos.
1152 3776 1291 3857 Quorum

69 3910 72 3916 Α
186 3878 322 3962 primus,
351 3877 393 3943 'ut
423 3877 607 3956 retulimus,
647 3877 861 3945 beatissimus¹
900 3881 1112 3964 apostolorum
1147 3882 1290 3964 princeps

187 3983 335 4067 regnique
365 3982 491 4048 celestis
523 3982 661 4066 clauiger
688 3982 748 4047 fuit
772 3985 804 4048 et
823 3983 1009 4064 Alexander,
1046 3987 1140 4071 prout
1160 3985 1290 4052 historie

256 4161 269 4185 ¹
286 4151 404 4220 palleum
423 4155 574 4206 summata
627 4153 641 4184 ¹²
660 4168 823 4208 remororum
840 4154 964 4209 colonnia
981 4171 996 4210 c
1054 4166 1064 4189 ⁰
1081 4157 1199 4225 palleum
1217 4171 1288 4209 sum-

186 4243 295 4294 mantc
351 4239 581 4294 tldinimerarec
639 4251 651 4274 ⁰
669 4257 782 4295 arenae
843 4241 1040 4296 scurruculac
1096 4243 1289 4300 emiserumc

188 4327 375 4382 l'delatausc
410 4327 565 4398 iinequec
600 4327 763 4384 Ι(66161666
798 4327 1012 4384 ¹beatisimuso
