3122 4958
161 1178 443 1283 tonarius
475 1200 582 1281 vnr
628 1199 818 1283 aaran
862 1195 1266 1282 nursnonnnnn

530 1337 891 1421 FRAGMENTA

361 1548 535 1598 IOHANNES
562 1547 653 1596 PAPA
682 1545 898 1597 INGELBRRGE
924 1545 1062 1596 munim.

247 1668 363 1734 Omnes
385 1668 437 1754 qui
459 1669 644 1736 fidelitatem
666 1671 807 1736 Romane
828 1668 935 1735 iurant
957 1666 1142 1746 aecclesiae,
1160 1665 1194 1731 id
1217 1666 1265 1731 est

160 1772 286 1843 domino
307 1776 402 1840 Petro
436 1775 488 1841 uel
521 1794 576 1841 suo
610 1774 747 1851 nicetio,
783 1773 868 1839 omni
902 1773 1132 1858 proculdubio
1162 1772 1265 1836 iurare

159 1878 305 1943 uidentur
336 1880 557 1945 uniuersaliter
594 1880 694 1957 clero,
730 1879 784 1964 qui
819 1878 960 1963 qualibet
993 1875 1264 1943 administratione

160 1982 300 2049 diuinum
323 1983 426 2049 exibet
448 1984 569 2050 cultum
586 1984 619 2048 in
638 1984 715 2067 ipsis
730 1983 808 2050 locis
829 1984 978 2060 sacratis,
1002 2001 1081 2066 quae
1097 1981 1137 2047 ad
1151 2000 1263 2065 regen·

158 2087 233 2153 dum
255 2087 429 2181 spetialiter
452 2089 576 2154 domino
603 2090 761 2172 pertinent
782 2108 890 2173 papae.
935 2077 1009 2154 Non
1040 2088 1122 2152 enim
1147 2085 1263 2170 prediis

157 2192 262 2258 iurant
284 2191 336 2258 uel
356 2191 465 2258 edibus
488 2192 542 2259 sed
566 2212 704 2278 congruo
731 2194 819 2260 cultu
842 2213 879 2259 ea
906 2192 1154 2278 possidentibus,
1191 2191 1263 2275 quia

158 2296 310 2363 aecclesia
338 2297 436 2362 nichil
467 2297 552 2363 aliud
582 2300 630 2364 est
651 2299 712 2364 nisi
733 2298 866 2384 populus
885 2299 1003 2376 fidelis,
1029 2296 1095 2362 'sed
1117 2297 1263 2380 precipue

157 2401 258 2467 clerus
292 2405 437 2468 censetur
469 2404 528 2468 hoc
561 2403 695 2468 nomine.
751 2406 921 2487 Propterea
949 2403 1139 2468 Wilbertum
1173 2402 1264 2466 tuum

156 2507 367 2572 marchionem
398 2509 601 2591 nostrumque
628 2508 771 2587 fidelem,
809 2529 828 2574 a
857 2528 917 2593 quo
945 2509 1101 2575 Iohannes
1122 2508 1262 2573 Romane

156 2611 326 2679 aecclesiae
355 2613 455 2678 lector
488 2633 618 2698 grauem
651 2614 784 2699 pertulit
817 2613 1075 2679 contumeliosam
1106 2612 1263 2687 iniuriam,

157 2716 202 2780 sic
225 2735 244 2780 a
266 2716 420 2801 dignitate
448 2718 567 2802 depone
601 2718 729 2784 honoris
752 2720 800 2783 uti
830 2720 990 2801 periurum
1010 2720 1043 2783 et
1065 2718 1265 2802 sacrilegum,
1342 2797 1344 2800 Ι

156 2822 184 2884 si
205 2823 312 2887 nostra
331 2821 448 2905 perfrui
470 2822 688 2888 benedictione
712 2825 800 2907 cupis
826 2824 859 2888 et
880 2824 964 2888 inter
988 2822 1157 2888 catholicas
1180 2840 1266 2886 com·

156 2925 261 3010 putari
285 2925 366 2991 filias
400 2926 569 2992 secundum
602 2926 683 3010 quod
712 2928 744 2992 te
774 2927 929 2993 oredimus
960 2945 1036 2993 esse
1082 2925 1263 2992 Absurdum

158 3030 271 3116 quippe
295 3032 358 3109 est,
389 3050 462 3096 eum
491 3051 547 3116 per
575 3032 736 3115 quodlibet
759 3032 896 3098 officium
919 3033 1072 3098 dominari
1094 3032 1266 3097 christiano

156 3135 285 3220 populo,
306 3137 360 3219 qui
381 3137 525 3220 patenter
545 3138 719 3222 implicitus
742 3138 877 3221 periurio
899 3138 951 3204 uel
972 3139 1033 3203 alio
1052 3137 1180 3203 mortali
1202 3137 1264 3202 cri·

155 3241 239 3304 minc
271 3240 443 3306 seeundum
472 3244 626 3308 sanctosl
656 3261 789 3308 canones
819 3242 1016 3326 repellendus
1047 3244 1096 3308 est
1125 3245 1264 3325 tempore

18 3404 21 3410 .
156 3364 230 3410 suae
252 3346 442 3427 penitentiae
467 3347 506 3411 ab
530 3347 614 3412 omni
637 3347 794 3412 communi
816 3347 938 3433 gaudio.

481 3555 567 3602 IDEM
594 3557 679 3606 ITEM
706 3559 754 3606 An
783 3558 935 3606 EANDEM.

242 3673 322 3754 Quia
349 3676 491 3740 nostrum
520 3674 558 3740 de
580 3676 737 3744 Wilberto
764 3679 902 3762 implesti
932 3679 1114 3761 preceptum
1134 3678 1166 3742 et
1188 3696 1262 3761 sup-

153 3777 251 3861 plicas
273 3798 330 3863 pro
347 3798 398 3846 eo:
421 3779 595 3864 penitentie
610 3779 779 3870 (tempore)
798 3786 835 3849 ut
853 3783 971 3867 perfrui
992 3783 1093 3867 possit
1112 3783 1146 3847 in
1162 3782 1262 3848 altera

153 3882 256 3966 patria
275 3884 390 3949 minori
418 3887 624 3970 magistratus
657 3887 775 3966 officio,
812 3907 963 3954 excusans
985 3908 1058 3954 eum
1079 3889 1262 3972 ignoranter

154 3986 346 4054 commisisse
373 3991 406 4054 in
435 3992 607 4056 Iohannem
632 3991 805 4076 periurium
835 3993 1011 4060 attestans
1040 3991 1173 4058 eundem
1193 3993 1262 4056 fieri

153 4092 326 4158 utillimum
349 4094 389 4158 ad
411 4095 585 4181 regendum
615 4098 647 4162 et
670 4095 899 4162 defendendum
929 4097 1095 4182 populum,
1126 4116 1182 4162 nos
1201 4098 1261 4162 hac

152 4195 225 4262 utili
244 4196 459 4279 postulatione
488 4203 546 4266 tua
573 4204 785 4285 temperanter
807 4203 955 4267 commoti
985 4206 1090 4268 nestra
1111 4203 1262 4286 potestati

225 4369 378 4413 lsanctorum
393 4377 438 4416 eud.
