3122 4958
393 1229 603 1312 VERSUS
646 1227 1067 1312 EPOREDIENSES
1123 1253 1126 1259 ·

267 1436 395 1502 Dulcior
418 1439 454 1502 ut
476 1439 585 1521 portus
605 1436 725 1514 nautis,
746 1438 784 1500 ut
805 1437 890 1502 meta
913 1435 1082 1521 quadrigis,

309 1544 345 1606 ut
365 1540 523 1606 stabulum
542 1540 650 1621 fessis,
672 1542 709 1606 ut
731 1540 846 1624 frigida
868 1540 988 1623 limpha
1010 1541 1089 1620 sitis,

268 1647 312 1712 sic
335 1645 438 1712 nrihi1
458 1645 570 1712 similis
593 1664 686 1730 quem
707 1645 817 1728 prebet
839 1646 954 1730 pagina
974 1665 1095 1725 nereus,

310 1751 423 1816 ullium
443 1749 518 1816 dum
540 1751 720 1816 extremas*
741 1751 852 1836 pangit
870 1750 988 1816 arundo
1012 1754 1113 1816 notae.

204 1862 222 1919 5
269 1856 323 1938 qui
344 1855 446 1920 nescit
467 1855 630 1936 scribere„
643 1874 705 1920 non
724 1855 815 1939 putat
838 1873 905 1920 esse
929 1854 1076 1934 laborem,

310 1958 442 2043 ideoque
466 1959 613 2025 obsecro:
636 1962 723 2025 orate
745 1977 802 2043 pro
825 1959 1018 2043 scriptorem,

312 2067 347 2130 ut
370 2064 464 2130 deum
487 2066 581 2149 atque
603 2063 764 2131 dominum
781 2063 900 2132 'habeat
921 2067 1140 2149 protectorem.

268 2290 465 2375 Egregioque
485 2289 570 2372 petri
591 2288 639 2354 fer
662 2288 803 2355 codicem
824 2289 973 2375 milleque
995 2309 1102 2373 preces

315 2413 437 2460 summo
459 2393 526 2459 Ano
550 2392 674 2458 domino
697 2391 926 2479 magnificoque
948 2395 1024 2460 uiro.

270 2518 362 2582 quem
383 2499 511 2564 decorat
531 2496 649 2581 pietas,
672 2517 765 2580 quem
788 2498 905 2564 Christi
927 2500 1031 2584 gratia
1051 2498 1183 2566 adornat

312 2605 451 2670 moribus
473 2605 507 2668 in
529 2603 650 2668 cunctis
673 2603 796 2669 actibus
818 2606 913 2688 atque
935 2604 1006 2688 piis.

205 2715 224 2774 5
269 2709 387 2793 gaudet
407 2710 487 2774 inire
508 2709 611 2786 niam,
632 2727 693 2791 qua
714 2708 817 2774 tendit
840 2709 880 2775 ad
900 2709 1036 2775 aetheris
1058 2711 1165 2776 aulem

313 2815 442 2879 tramite
462 2812 582 2895 iustitie
604 2813 780 2879 hansuolat
800 2813 855 2879 ille
877 2815 958 2897 pius.
1018 2881 1021 2886 ,

270 2921 423 3004 quotquot
442 2918 475 2982 in
499 2919 645 2984 aethereo
669 2916 847 2984 clarescunt
868 2916 972 2984 sidera
993 2919 1088 2998 caelo,

314 3026 363 3091 tot
382 3023 474 3090 fiores
492 3024 526 3088 in
547 3023 665 3107 campis
687 3022 751 3088 iam
773 3021 975 3107 redolentque
995 3025 1096 3091 notus.

271 3148 329 3194 nec
349 3129 453 3194 minus
476 3126 549 3194 obto
568 3127 660 3194 uobis
681 3125 794 3194 denoto
817 3126 910 3194 corde
933 3126 1061 3208 cauas,

188 3240 227 3296 10
316 3233 452 3299 edecus
475 3232 642 3311 ecelesiae,
665 3231 780 3298 nobilis
803 3233 1015 3319 atquepater.
1078 3217 1082 3223 ¹
1141 3263 1145 3272 ·

273 3339 376 3404 clarus
396 3340 429 3403 et
448 3337 573 3421 ingenio
596 3338 749 3404 clarescet
769 3357 898 3404 munere
922 3337 1049 3417 Christi,

316 3441 404 3509 utilis
425 3441 565 3527 eloquio,
586 3441 700 3508 fertilis
722 3445 815 3527 atque
837 3462 942 3509 mann.

272 3547 403 3614 mitibus
427 3543 584 3626 cernitis,
607 3547 673 3612 sinc
697 3547 768 3613 dolo
788 3546 862 3614 felle
884 3547 1038 3626 columba,

318 3650 393 3716 lum
413 3651 506 3716 nocet
526 3650 581 3716 ille
602 3650 713 3734 lupus,
736 3671 770 3717 es
793 3653 862 3718 ouis
883 3652 967 3718 inter
990 3670 1074 3719 oues.

90 3777 94 3784 ·
190 3763 230 3822 15
275 3755 489 3834 sanctissime,
510 3755 582 3822 nale
602 3774 675 3822 curn
693 3757 796 3841 gratia
815 3757 924 3843 magni
946 3758 1075 3836 decoris,

319 3861 363 3927 sis
382 3880 520 3940 memor,
540 3879 611 3940 oro,
634 3860 712 3940 mei,
734 3863 771 3927 ut
793 3861 869 3929 deus
891 3882 963 3930 ecce
983 3863 1040 3929 tui

275 3967 311 4032 tu
333 3967 439 4034 uaeas
462 3984 585 4051 semper
606 3984 662 4052 per
682 3965 786 4032 multe
808 3967 964 4034 curricula
984 3969 1035 4034 eui

320 4075 353 4138 et
375 4090 495 4138 merear
517 4069 607 4138 uobis
629 4071 774 4138 seruulus
791 4091 890 4156 perne
910 4072 989 4139 loeo.

277 4175 417 4243 continet
435 4177 468 4240 in
488 4175 595 4260 parnis
617 4177 795 4244 nostrorum
819 4176 904 4243 dicta
925 4177 1111 4276 priscorum.

258 4383 372 4439 ¹sorlceu
387 4387 411 4427 ut
426 4388 566 4436 suppletum
579 4392 619 4428 eet.
673 4382 684 4414 ἲ
697 4389 799 4428 extrem
813 4399 823 4425 ι
