3036 4952
559 371 616 412 sao
638 371 777 413 neruoso
797 369 885 412 anas.
1214 355 1275 412 153

168 521 333 588 animabus
364 522 396 588 in
427 541 500 588 arca
519 522 661 588 salustia
705 523 757 590 Sic
785 524 869 589 enim
891 525 1003 589 sancta
1025 522 1058 587 in
1079 521 1276 605 precedenti-

168 627 226 694 bus
248 625 323 693 dioit
343 627 561 709 scripturar‘¹
588 624 736 694 Vidcatcs
755 627 821 707 titii
842 626 895 692 dci
912 627 1001 707 pitius
1015 625 1179 691 basinam
1193 626 1278 708 qaod

167 733 269 798 assent
289 729 443 812 pulchra,
461 734 650 812 acceperant
668 732 730 798 sibi
751 751 868 797 accras
889 751 929 796 aa
949 731 1095 796 ominbus
1115 751 1198 814 qaas
1220 729 1278 796 elc-

164 834 312 918 aarum)
354 834 458 901 iliad
480 835 746 919 comprimendam
775 837 831 918 tue
861 835 1039 902 sedulitatis
1062 835 1275 902 temeritatem

167 961 225 1027 per
246 938 447 1024 temetipsam
469 940 586 1005 nantas
606 939 725 1005 dicit:2
747 940 893 1022 Quinque
913 939 997 1005 eaba
1016 940 1107 1005 atros
1128 939 1278 1018 habuisti,

170 1064 188 1112 ο
210 1046 328 1124 Roma,
351 1047 380 1110 ct
400 1043 485 1110 banc
506 1063 598 1126 pacm
618 1043 714 1110 habes
735 1064 801 1109 noa
822 1047 869 1110 cst
888 1048 965 1110 taus
986 1044 1051 1109 air.
1094 1043 1179 1110 Nam
1198 1045 1277 1110 For·

168 1168 292 1227 mosne,
331 1167 425 1233 quem
462 1147 698 1216 crudelissima⁰
746 1150 985 1232 presumpcione
1029 1148 1067 1214 de
1111 1148 1276 1232 sepulchro

169 1253 347 1331 extraxisti,
368 1251 423 1318 in‘¹
444 1273 568 1320 summa
583 1256 692 1320 sancta
707 1255 739 1320 et
754 1254 928 1338 apostolica
941 1255 1014 1320 sede
1030 1254 1122 1320 uiuus
1137 1252 1278 1320 residens

169 1358 368 1442 consecrarit
388 1359 561 1434 Iohannem
581 1359 620 1424 ad
642 1359 868 1442 presbiterum
897 1359 949 1444 qui
973 1361 1084 1444 postea
1104 1359 1191 1425 iuxta
1212 1361 1277 1426 Ro·

169 1482 296 1528 manam
328 1462 587 1529 consuetudinem
615 1465 648 1528 et
675 1464 946 1530 consecracionem
981 1463 1022 1530 ad
1052 1462 1279 1548 apostolicatus

169 1566 333 1650 fastigium
348 1566 572 1646 conscendens,
594 1567 763 1650 Kailonem
777 1569 995 1658 Rauennatem
1008 1568 1277 1652 archiepiscopum

170 1673 367 1736 consecrauit
396 1691 432 1737 ac
461 1670 661 1756 postmodum
689 1673 721 1736 in
744 1673 855 1738 sancta
877 1672 985 1737 sinodo
1010 1671 1119 1738 eadem
1143 1672 1177 1738 in
1199 1672 1276 1738 urbe

170 1778 377 1860 congregata,
409 1777 461 1841 oui
484 1774 701 1841 Landbertus⁰
722 1776 892 1861 imperator
914 1775 1074 1856 interibit,
1106 1776 1277 1862 apostolico

168 1880 276 1945 fauore
304 1879 441 1945 aniliter
466 1878 591 1946 resedit.
636 1879 730 1946 Kailo
760 1900 836 1946 uero
868 1881 1118 1966 archiepiscopus
1145 1882 1278 1947 Petrum

170 1985 399 2052 Bononiensem
432 1985 612 2069 episcopum
645 1985 859 2062 consecrauit3
892 1985 1007 2052 Petrus
1041 1988 1146 2053 autom
1172 1987 1277 2051 Bonc-

170 2089 288 2154 niensis
305 2089 477 2175 episcopus,
494 2087 657 2155 Kailonis‘
669 2090 895 2174 archiepiscopi
910 2090 1145 2176 subfraganeus,
1161 2090 1277 2156 Iohan-

169 2213 243 2259 nem
258 2193 422 2276 (abusiue⁸
437 2194 490 2274 tue
506 2191 574 2258 sedi
590 2193 708 2276 preest)
730 2212 786 2277 per
797 2211 958 2260 sacrorum
974 2192 1115 2259 ordinem
1131 2213 1278 2261 ascensus

170 2297 210 2363 ad
235 2298 397 2363 diaconem
419 2299 623 2364 consecrauit.
667 2298 823 2364 Defuncto
846 2318 921 2364 uero
942 2300 1037 2364 Petro
1056 2300 1141 2366 idem
1162 2301 1277 2366 Iohan-

94 2427 96 2434 ·
169 2422 225 2468 nes
240 2400 489 2469 Bononiensemh
510 2400 691 2483 ecclesiam¹
712 2402 840 2469 uiuente
857 2400 1012 2468 Kailonek
1035 2404 1278 2489 archiepiscopo,

167 2508 277 2574 contra
300 2525 425 2572 omnem
457 2525 611 2572 canonum
641 2508 863 2574 auctoritatem
891 2507 1042 2574 inuadere
1072 2510 1279 2592 presumpsit3

169 2614 370 2680 consecratus
391 2630 511 2695 quoque
533 2614 700 2678 missarum
715 2612 868 2679 solemnia
883 2612 1057 2696 pontificali
1071 2613 1138 2678 iure
1152 2613 1278 2698 indigne

166 2716 306 2782 exercuit
322 2718 354 2782 et
367 2716 504 2781 inlicitas
519 2717 767 2782 consecrationes
783 2718 901 2802 exegit3
925 2737 988 2802 qua
1002 2716 1113 2782 relicta
1137 2721 1278 2784 sanctam

167 2823 344 2887 itomanam
367 2824 399 2887 et
421 2821 624 2906 apostolicam
639 2823 804 2902 ecclesiam
820 2821 946 2889 nefariis
963 2821 1091 2888 ausibus
1105 2824 1278 2906 usurpauit

171 2927 213 2992 nt
234 2924 334 2991 nunc¹
356 2945 412 3010 pro
434 2925 527 2991 libitu
549 2945 605 2992 suo
628 2926 699 2991 uult
721 2927 843 2992 soluere
867 2928 899 2991 et
922 2926 1022 3011 ligare
1044 2927 1077 2992 et
1091 2927 1181 2992 uelut
1196 2928 1278 2993 luci-

166 3031 215 3096 fer
243 3029 315 3108 ille,
353 3031 406 3113 qui
435 3029 541 3096 sedem
564 3049 653 3096 suam
679 3030 713 3095 in
738 3030 889 3114 aquilone
917 3049 1035 3114 ponere
1068 3031 1169 3097 uoluit
1190 3032 1223 3097 et
1245 3031 1279 3096 in

168 3135 269 3202 altum
291 3154 324 3201 se
348 3134 501 3200 extollens
520 3134 656 3200 similem
678 3135 734 3200 deo
751 3135 904 3218 gloriatus
920 3135 1066 3214 estsere,
1089 3135 1278 3204 catholicam

168 3242 201 3304 et
222 3239 432 3304 uniuersalem
451 3240 615 3321 ecclesiam
638 3240 708 3304 uult
728 3239 998 3306 excommunicare
1022 3241 1054 3304 et
1076 3239 1222 3305 iustiores
1247 3244 1280 3307 et

168 3343 341 3409 sanctiores
364 3362 397 3408 se
421 3343 524 3427 querit
548 3343 854 3410 anathematizare.¹²²
875 3329 877 3339 ’
900 3325 977 3424 Quis
1001 3346 1085 3409 enim
1109 3345 1137 3410 ei
1159 3363 1196 3410 ex
1219 3345 1278 3411 hoc

169 3446 345 3513 crediturus
369 3447 451 3513 erit?
480 3447 530 3512 Ne
547 3447 705 3530 adorietur
729 3469 803 3530 equa
819 3449 995 3514 discinctus
1011 3453 1065 3512 at¹²
1088 3449 1280 3515 creatora

168 3551 244 3618 Non
265 3556 311 3617 est
332 3553 417 3616 eatae
439 3552 517 3618 aeos
540 3553 623 3617 sicat
644 3552 768 3617 luorico.4
813 3552 846 3619 si
874 3554 958 3619 enim
980 3555 1101 3638 angelis
1125 3555 1278 3621 extollen-

167 3658 252 3723 tibus
274 3675 337 3721 non
357 3657 514 3740 pepercit,
551 3657 667 3740 quanto
695 3658 798 3742 magis
827 3658 1005 3724 hominibus
1027 3661 1076 3725 est
1098 3659 1279 3739 cauendum,

239 3885 252 3910 ⁸
270 3877 406 3947 spriptura
425 3894 453 3956 c
487 3877 688 3948 beligerantc
731 3878 968 3934 ccrudelisimao
1002 3881 1062 3935 “in
1082 3881 1201 3936 docetis
1219 3881 1276 3936 cori.

168 3967 228 4019 etc
290 3964 525 4019 ⁰landebertusc
585 3965 760 4020 ‘helionisc
811 3965 930 4020 cabhus
949 3967 1026 4033 uiec
1061 3968 1171 4023 abusiue
1190 3969 1278 4022 Blan-

168 4050 287 4107 cbtnias.
335 4050 576 4106 hbouihensomc
611 4053 705 4106 ¹tunc
720 4053 906 4108 &nannetem
927 4059 978 4108 cat
995 4055 1048 4107 talc
1065 4055 1131 4124 qaid
1147 4055 1280 4110 eccidisse

167 4137 279 4192 aidctm
295 4137 326 4192 tn
344 4137 442 4194 ecdico.
477 4139 630 4195 klralonec
667 4139 777 4193 ¹tunc
812 4149 831 4172 ¹¹²
849 4141 1126 4196 anathaematizarec
1168 4151 1182 4175 ¹¹
1200 4145 1280 4199 autc

1072 4219 1090 4256 ο

235 4326 368 4381 mama
383 4333 405 4372 2.
447 4325 592 4383 'dohanas
608 4334 640 4373 18.
681 4327 827 4382 ’climata
843 4335 874 4374 11.
914 4329 1030 4376 ⁴Ncrner.
1044 4336 1082 4386 23,
1100 4337 1134 4376 19.
